@article{SinghAhmad2009,
    author = {H. Singh and S. Ahmad},
    title = {Context dependent reference states of solvent accessibility derived from native protein sturctures and assessed by predictability analysis},
    journal = {BMC Struct. Biol.},
    year = 2009,
    volume = 9,
    pages = 25
}

@article{Adamczaketal2004,
    title = {Accurate prediction of solvent accessibility using neural networks-based regression},
    author = {R. Adamczak and A. Porollo and J. Meller},
    journal = {Proteins: Structure, Function, and Bioinformatics},
    volume = 56,
    pages = {753--767},
    year = 2004
}

@article{Petersenetal2009,
    title = {A generic method for assignment of reliability scores applied to solvent accessibility predictions},
    author = {B. Petersen and T. {Nordahl Petersen} and P. Andersen and M. Nielsen and C. Lundegaard},
    journal = {BMC Struct. Biol.},
    volume = 9,
    pages = 51,
    year = 2009
}

@article{Tienetal2013,
	author = {M. Z. Tien and D. K. Sydykova and A. G. Meyer and C. O. Wilke},
	year = 2013,
	title = {{PeptideBuilder:} A simple {Python} library to generate model peptides},
	journal = {PeerJ},
	volume = 1,
	pages = {e80}
}

@article{Laskowskietal1993,
	author = {Laskowski, R. A. and MacArthur, M. W. and Moss, D. S. and Thornton, J. M.},
	year = {1993},
	title = {{PROCHECK} -- a program to check the stereochemical quality of protein structures},
	journal = {J. App. Cryst.},
	volume = 26,
	pages = {283--291}
}

@article{Morrisetal1992,
	author = {Morris, A. L. and MacArthur, M. W. and Hutchinson, E. G. and Thornton, J. M.},
	year = {1992},
	title = {Stereochemical quality of protein structure coordinates},
	journal = {Proteins},
	volume = 12,
	pages = {345--364}
}

@article{KawashimaKanehisa2000,
	author = {Kawashima, S. and Kanehisa, M.},
	title = {{AAindex:} amino acid index database},
	journal = {Nucleic Acids Res.},
	volume = 28,
	pages = 374,
	year = 2000
}

@article{Kawashimaetal2008,
	author = {Kawashima, S. and Pokarowski, P. and Pokarowska, M. and Kolinski, A. and Katayama, T. and Kanehisa, M.},
	title = {{AAindex:} amino acid index database, progress report 2008},
	journal = {Nucleic Acids Res.},
	volume = 36,
	pages = {D202--D205},
	year = 2008
}

@article{TomiiKanehisa1996,
	author = {K. Tomii and M. Kanehisa},
	title = {Analysis of amino acid indices and mutation matrices for sequence comparison and structure prediction of proteins},
	journal = {Protein Eng.},
	year = {1996},
	volume = 9,
	pages = {27--36}
}

@article{Radzicka1988,
	journal = {Biochem.},
	volume = 27,
	year = 1988,
	pages = {1664--1670},
	title = {Comparing the polarities of the amino acids: side-chain distribution coefficients between the vapor phase, cyclohexane, 1-octanol, and neutral aqueous solution},
	author = {A. Radzicka and R. Wolfenden}
}

@article{Moon2011,
	journal = {Proc. Natl. Acad. Sci. USA},
	volume = 108,
	year = 2011,
	pages = {10174--10177},
	title = {Side chain hydrophobicity scales derived from transmembrane protein folding into lipid bilayers},
	author = {C. P. Moon and K. G. Fleming}
}

@article{MacCallum2007,
	journal = {J. Gen. Physiol.},
	volume = 129,
	year = 2007,
	pages = {371--377},
	title = {Partitioning of amino acid side chains into lipid bilayers: results from computer simulations and comparison to experiment},
	author = {J. L. MacCallum and W. F. D. Bennett and D. P. Tieleman}
}

@article{Wimley1996,
	journal = {Biochem.},
	volume = 35,
	year = 1996,
	pages = {5109--5124},
	title = {Solvation Energies of Amino Acid Side Chains and Backbone in a Family of Host-Guest Pentapeptides},
	author = {W. C. Wimley and T. P. Creamer and S. H. White}
}

@article{Fauchere1983,
	journal = {Eur. J. Med. Chem.},
	volume = 18,
	year = 1983,
	pages = {369-375},
	title = {Hydrophobic parameters of amino-acid side chains from the partitioning of {N-acetyl-amino-acid} amides},
	author = {J. L. Fauchere and V. E. Pliska}
}


@article{Chengetal2006,
	journal = {Data Mining and Knowledge Discovery},
	volume = 13,
	year = 2006,
	pages = {1--10},
	title = {{DOMpro:} Protein Domain Prediction Using Profiles, Secondary Structure, Relative Solvent Accessibility, and Recursive Neural Networks},
	author = {J. Cheng and M. J. Sweredoski and P. Baldi}
}



@article{RostSander1994,
	title = {Conservation and prediction of solvent accessibility in protein families},
	author = {B. Rost and C. Sander},
	journal = {Proteins},
	volume = 20,
	pages = {216--226},
	year = 1994
}

@article{ConantStadler2009,
	title = {Solvent exposure imparts similar selective pressures across a range of yeast proteins},
	author = {G. C. Contant and P. F. Stadler},
	journal = {Mol. Biol. Evol.},
	year = 2009,
	volume = 26,
	pages = {1155--1161}
}

@Article{Goldmanetal1998,
	author = {N. Goldman and J. L. Thorne and D. T. Jones},
	title = {Assessing the impact of secondary structure and solvent accessibility on protein evolution},
	journal = {Genetics},
	year = {1998},
	volume = {149},
	pages = {445--458}
}



@Article{Overingtonetal1992,
	author = {J. Overington and D. Donnelly and M. S. Johnson and A. \v{S}ali and T. L. Blundell},
	title = {Environment-specific amino acid substitution tables: {T}ertiary templates and prediction of protein folds},
	journal = {Prot. Sci.},
	year = {1992},
	volume = {1},
	pages = {216--226},
}


@article{ChenZhou2005,
	title = {Prediction of solvent accessibility and sites of deleterious mutations from protein sequence},
	author = {H. Chen and H.-X. Zhou},
	volume = 33,
	pages = {3193--3199},
	journal = {Nucl. Acids Res.},
	year = 2005
}



@article{NguyenRajapakse2005,
	title = {Prediction of protein relative solvent accessibility with a two-stage {SVM} approach},
	author = {M. N. Nguyen and J. C. Rajapakse},
	journal = {Proteins},
	volume = 59,
	pages = {30--37},
	year = 2005
}





@article{KimPark2004,
	title = {Prediction of protein relative solvent accessibility with support vector machines and long-range interaction {3D} local descriptor},
	author = {H. Kim and H. Park},
	journal = {Proteins},
	volume = 54,
	pages = {557--562},
	year = 2004
}

@article{FranzosaXia2012,
	title = {Independent effects of protein core size and expression on structure-evolution relationships at the residue level.},
	author = {E. A. Franzosa and Y. Xia},
	journal = {PLoS One},
	year = 2012,
	volume = 7,
	pages = {e46602}
}

@article{Scherrer2012,
	title = {Modeling coding-sequence evolution within the context of residue solvent accessibility},
	author = {M. P. Scherrer and A. G. Meyer and C. O. Wilke},
	journal = {BMC Evol. Biol.},
	volume = 12,
	year = 2012,
	pages = 179
}

@article{MeyerWilke2012,
	title = {Integrating sequence variation and protein structure to identify sites under selection},
	author = {A. G. Meyer and C. O. Wilke},
	journal = {Mol. Biol. Evol.},
	year = 2012,
	note = {in press}
}




@article{Pollastrietal2002,
	title = {Prediction of coordination number and relative solvent accessibility in proteins},
	author = {G. Pollastri and P. Baldi and P. Fariselli and R. Casadio},
	journal = {Proteins},
	volume = 47,
	pages = {142--153},
	year = 2002
}



@Article{FranzosaXia2009,
	author = {E. A. Franzosa and Y. Xia},
	title = {Structural Determinants of Protein Evolution Are Context-Sensitive at the Residue Level},
	journal = {Mol. Biol. Evol.},
	year = {2009},
	volume = {26},
	pages = {2387--2395}
}



@Article{Zhouetal2009,
	author = {T. Zhou and M. Weems and C. O. Wilke},
	title = {Translationally Optimal Codons Associate with Structurally Sensitive Sites in Proteins},
	journal = {Mol. Biol. Evol.},
	year = {2009},
	volume = {26},
	pages = {1571--1580}
}





@article{WangDunbrack2003,
	author = {G. Wang and R. L. Dunbrack},
	title = {{PISCES:} a protein sequence culling server},
	journal = {Bioinformatics},
	volume = {19},
	pages = {1589--1591},
	year = {2003},
}



@article{Rose1985,
	author = {G. D. Rose and A. R. Geselowitz and G. J. Lesser and R. H. Lee and M. H. Zehfus},
	title= {Hydrophobicity of Amino Acid Residues in Globular Proteins},
	journal = {Science},
	volume = {229},
	pages= {834--838},
	year={1985},
}



@article{Miller1987,
	author = {S. Miller and J. Janin and A. M. Lesk and C. Chothia},
	title= {Interior and Surface of Monomeric Proteins},
	journal = {J. Mol. Biol},
	volume = {196},
	pages= {641--656},
	year={1987},
}



@article{Hamerlryck2003,
	author={T. Hamerlryck and B. Manderick},
	title={PDB parser and structure class implemented in python},	
	year={2003},
	journal= {Bioinfomatics},
	volume ={19},
	pages={2308--2310},
}



@article{Kabsch1983,
	author={W. Kabsch and C. Sander},
	title= {Dictionary of protein secondary structure: pattern recognition of hydrogen-bonded and geometrical features},
	year={1983},
	journal={Biopolymers},
	volume= {22},
	pages={2577--2637},
}



@article{Kyte1981,
	author={J. Kyte and R. F. Doolittle},
	title= {A Simple Method for Displaying the Hydropathic Character of a Protein},
	year={1982},
	journal={J. Mol. Biol.},
	volume={157},
	pages={105--132},
}



@article{LeeRichards1971,
	author = {B. Lee and F. M. Richards},
	title = {The interpretation of protein structures: estimation of static accessibility},
	journal = {J. Mol. Biol.},
	volume = 55,
	pages = {379--400},
	year = 1971
}

@article{Wolfenden1981,
	author={R. Wolfenden and L. Anderson and P. M. Cullis and C. C. B. Southgate},
	title= {Affinities of Amino Acid Side Chains for Solvent Water},
	year={1981},
	journal={Biochemistry},
	volumes={20},
	pages={849--855},
}



@article{Shaytan2009,
	author={A. K. Shaytan and K. V. Shaitan and A. R. Khokhlov},
	title= {Solvent Accessible Surface Area of Amino Acid Residues in Globular Proteins: Correlations of Apparent Transfer Free Engergies with Experimental Hydrophobicity Scales},
	year={2009},
	journal={Biomacromolecules},
	volume= {10},
	pages={1224--1237},
}



@article{Moelbert2004,
	author= {S. Moelbert and E. Emberly and C. Tang},
	title= {Correlation between sequence hydrophobicity and surface-exposure pattern of database proteins},
	year={2004},
	journal= {Prot. Sci.},
	volumes={13},
	pages={752--762},
}



@article{Bowie1991,
	author={J. U. Bowie and R. Luthy and D. Eisenberg},
	title= {A method to identify protein sequences that fold into a known three-dimenional structure},
	year= {1991},
	journal={Science},
	volumes={253},
	pages={164--170},
}



@article{Chothia1976,
	author={C. Chothia},
	title= {The Nature of the Accessible and Buried Surfaces in Proteins},
	year={1976},
	journal={J. Mol. Biol.},
	volumes={105},
	pages={1--14},
}



@article{Garg2005,
	author={A. Garg and H. Kaur and G. P. S. Raghava},
	title={Real value prediction of solvent accessibility in proteins using multiple sequence alignment and secondary structure},
	year={2005},
	journal={Proteins},
	volumes={61},
	pages={318--324},
}



@Article{Bloometal2006,
	author = {J. D. Bloom and D. A. Drummond and F. H. Arnold and C. O. Wilke},
	title = {Structural determinants of the rate of protein evolution in yeast},
	journal = {Mol. Biol. Evol.},
	year = {2006},
	volume = {23},
	pages = {1751--1761}
}

@article{Levy2010,
	author = {E. D. Levy},
	title = {A Simple Definition of Structural Regions in Proteins and Its Use in Analyzing Interface Evolution},
	journal = {J. Mol. Biol.},
	year = {2010},
	volume = {403},
	pages = {660--670}
}





	

