@article{Radzicka1988,
	journal = {Biochemistry},
	volume = 27,
	year = 1988,
	pages = {1664--1670},
	title = {Comparing the polarities of the amino acids: side-chain distribution coefficients between the vapor phase, cyclohexane, 1-octanol, and neutral aqueous solution},
	author = {A. Radzicka and R. Wolfenden}
}

@article{Moon2011,
	journal = {Proc. Natl. Acad. Sci. U.S.A.},
	volume = 108,
	year = 2011,
	pages = {10174-10177},
	title = {Side chain hydrophobicity scales derived from transmembrane protein folding into lipid bilayers},
	author = {C.P. Moon and K.G. Fleming}
}

@article{MacCallum2007,
	journal = {Journal of General Physiology},
	volume = 129,
	year = 2007,
	pages = {371-377},
	title = {Partitioning of amino acid side chains into lipid bilayers: results from computer simulations and comparison to experiment},
	author = {J.L. MacCallum and W.F.D. Bennett and D.P. Tieleman}
}

@article{Wimley1996,
	journal = {Biochemistry},
	volume = 35,
	year = 1996,
	pages = {5109-5124},
	title = {Solvation Energies of Amino Acid Side Chains and Backbone in a Family of Host-Guest Pentapeptides},
	author = {W.C. Wimley and T.P. Creamer and S.H. White}
}

@article{Fauchere1983,
	journal = {European Journal of Medical Chemistry},
	volume = 18,
	year = 1983,
	pages = {369-375},
	title = {Hydrophobic parameters of amino-acid side chains from the partitioning of N-acetyl-amino-acid amides},
	author = {J.L. Fauchere and V.E. Pliska}
}